<?xml version="1.0" encoding="UTF-8"?><collection xmlns="http://www.loc.gov/MARC21/slim"><record><leader>00654nam--2200217-u-4500</leader><controlfield tag="001">000052200</controlfield><controlfield tag="002">20161230</controlfield><controlfield tag="005">20161230201050</controlfield><controlfield tag="008">100517s1000------------r-----000-0-rus-d</controlfield><datafield ind1=" " ind2=" " tag="040"><subfield code="a">IFIN-HH</subfield></datafield><datafield ind1=" " ind2=" " tag="041"><subfield code="a">rus</subfield></datafield><datafield ind1=" " ind2=" " tag="080"><subfield code="a">519.217</subfield></datafield><datafield ind1="1" ind2=" " tag="100"><subfield code="a">Hunt, G. A</subfield></datafield><datafield ind1="1" ind2="0" tag="245"><subfield code="a">Markovskie protessi i potentiali</subfield><subfield code="c">G. A. Hunt ; traducere din limba enegleza</subfield></datafield><datafield ind1=" " ind2=" " tag="260"><subfield code="a">Moskva</subfield><subfield code="b">Inostrannoi litaraturi</subfield><subfield code="c">1962</subfield></datafield><datafield ind1=" " ind2=" " tag="300"><subfield code="a">276 p</subfield></datafield><datafield ind1=" " ind2=" " tag="490"><subfield code="a">Bilbioteka Sbornika Matematica</subfield></datafield><datafield ind1=" " ind2=" " tag="500"><subfield code="a">Titlul original in lb. engleza: Markoff Processes and Potentials</subfield></datafield><datafield ind1="0" ind2=" " tag="765"><subfield code="a">Markoff Processes and Potentials</subfield></datafield><datafield ind1=" " ind2=" " tag="852"><subfield code="a">8513</subfield><subfield code="c">519.2</subfield></datafield><datafield ind1=" " ind2=" " tag="CAT"><subfield code="a">Sys</subfield><subfield code="c">20100517</subfield><subfield code="h">095603</subfield></datafield></record></collection>